@BOOK{hung-lv,
	author = {Hung H-C; Tsai Y-S; Wu M-C},
	title = {A modified Lotka-Volterra model for competition forecasting in Taiwan's retail industry},
	year = {2014},
	journal = {Elsevier Computers \& Industrial Engineering Journal},
    volume = {77}
}

@BOOK{kermack-mckendrick,
	author = {Kermack, W; McKendrick, A},
	title = {Contributions to the mathematical theory of epidemics},
	year = {1991},
	journal = {Bulletin of Mathematical Biology},
    pages = {33--55},
    volume = {1}
}

@BOOK{kermack-mckendrick-sir,
	author = {Kermack, W; McKendrick, A},
	title = {A Contribution to the Mathematical Theory of Epidemics},
	year = {1927},
	journal = {Proceedings of the Royal Society},
    pages = {700--721}
}

@BOOK{lotka-volterra,
	author = {Murray, JD},
	title = {Mathematical Biology I: An Introduction},
	year = {2003},
	editor = {Springer}
}

@BOOK{wolfram-ca,
	author = {Wolfram, S},
	title = {A New Kind of Science},
	year = {2002},
	editor = {Wolfram Media, Inc.},
    pages = {1179}
}

@BOOK{flache-opinion,
	author = {Flache, A; M\"{a}s M; Feliciani T; Chattoe-Brown E; Deffuant G; Huet S; Lorenz J},
	title = {Models of Social Influence: Towards the Next Frontiers},
	year = {2017},
	journal = {Journal of Artificial Societies and Social Simulation},
    volume = {20(4) 2}
}

@MISC{who-ebola,
    author = {World Health Organization},
    title = {Ebola virus disease outbreak news database (since 2000)},
    year = {2000},
    howpublished = {\url{www.who.int/csr/don/archive/disease/ebola/en/}}
}